@misc{syntenic_dotplot,
  title = {{CoGepedia} Syntenic dotplot},
  howpublished = {\url{https://genomevolution.org/wiki/index.php/Syntenic_dotplot}},
  note = {Accessed: 2017-06-14}
}

@misc{synmap,
  title = {{CoGepedia} SynMap},
  howpublished = {\url{https://genomevolution.org/wiki/index.php/SynMap}},
  note = {Accessed: 2017-06-14}
}

@misc{1000genomes,
  title = {1000 Genomes Project},
  howpublished = {\url{http://www.internationalgenome.org/about}},
  note = {Accessed: 2017-06-14}
}

@misc{arabidopsisurl,
  title = {SynMap Example},
  howpublished = {\url{https://genomevolution.org/r/k7cr}},
  note = {Accessed: 2017-06-14}
}

@misc{synmap3durl,
  title = {SynMap 3D},
  howpublished = {\url{https://genomevolution.org/r/lf1i}},
  note = {Accessed: 2017-06-14}
}

@book{mds,
  title={Multidimensional scaling},
  author={Kruskal, Joseph B and Wish, Myron},
  volume={11},
  year={1978},
  publisher={Sage}
}

@inproceedings{kernelpca,
  title={Kernel principal component analysis},
  author={Sch{\"o}lkopf, Bernhard and Smola, Alexander and M{\"u}ller, Klaus-Robert},
  booktitle={International Conference on Artificial Neural Networks},
  pages={583--588},
  year={1997},
  organization={Springer}
}

@inproceedings{endert2011observation,
  title={Observation-level interaction with statistical models for visual analytics},
  author={Endert, Alex and Han, Chao and Maiti, Dipayan and House, Leanna and North, Chris},
  booktitle={Visual Analytics Science and Technology (VAST), 2011 IEEE Conference on},
  pages={121--130},
  year={2011},
  organization={IEEE}
}

@article{meyer2009mizbee,
  title={MizBee: a multiscale synteny browser},
  author={Meyer, Miriah and Munzner, Tamara and Pfister, Hanspeter},
  journal={IEEE transactions on visualization and computer graphics},
  volume={15},
  number={6},
  pages={897--904},
  year={2009},
  publisher={IEEE}
}

@article{tory2007spatialization,
  title={Spatialization design: Comparing points and landscapes},
  author={Tory, Melanie and Sprague, David and Wu, Fuqu and So, Wing Yan and Munzner, Tamara},
  journal={IEEE Transactions on Visualization and Computer Graphics},
  volume={13},
  number={6},
  pages={1262--1269},
  year={2007},
  publisher={IEEE}
}

